<record><leader>00000cas a22000007a 4500</leader><controlfield tag="001">15725555</controlfield><controlfield tag="008">870522c19769999iauwr ne      0    0eng d</controlfield><datafield ind1=" " ind2=" " tag="010"><subfield code="a">sn 87058241 </subfield></datafield><datafield ind1=" " ind2=" " tag="040"><subfield code="a">INP</subfield><subfield code="b">eng</subfield><subfield code="c">INP</subfield><subfield code="d">OCLCQ</subfield></datafield><datafield ind1=" " ind2=" " tag="042"><subfield code="a">msc</subfield></datafield><datafield ind1="0" ind2=" " tag="130"><subfield code="a">Calmar courier (Calmar, Iowa : 1976)</subfield></datafield><datafield ind1="1" ind2="4" tag="245"><subfield code="a">The Calmar courier.</subfield></datafield><datafield ind1=" " ind2=" " tag="260"><subfield code="a">Calmar, Iowa :</subfield><subfield code="b">David &amp; Connie Carroll,</subfield><subfield code="c">1976-</subfield></datafield><datafield ind1=" " ind2=" " tag="310"><subfield code="a">Weekly</subfield></datafield><datafield ind1="0" ind2=" " tag="362"><subfield code="a">Vol. 1, no. 1 (Oct. 14, 1976)-</subfield></datafield><datafield ind1=" " ind2=" " tag="500"><subfield code="a">Publisher varies.</subfield></datafield><datafield ind1=" " ind2=" " tag="752"><subfield code="a">United States</subfield><subfield code="b">Iowa</subfield><subfield code="c">Winneshiek</subfield><subfield code="d">Calmar.</subfield></datafield></record>